<record><leader>00000cas a22000007a 4500</leader><controlfield tag="001">12047333</controlfield><controlfield tag="008">850517d18831889iauwr ne      0    0eng d</controlfield><datafield ind1=" " ind2=" " tag="010"><subfield code="a">sn 85049626 </subfield></datafield><datafield ind1=" " ind2=" " tag="040"><subfield code="a">INP</subfield><subfield code="b">eng</subfield><subfield code="c">INP</subfield><subfield code="d">NSD</subfield><subfield code="d">OCLCQ</subfield></datafield><datafield ind1=" " ind2=" " tag="042"><subfield code="a">msc</subfield></datafield><datafield ind1="0" ind2=" " tag="130"><subfield code="a">Local record (West Branch, Iowa)</subfield></datafield><datafield ind1="1" ind2="4" tag="245"><subfield code="a">The Local record.</subfield></datafield><datafield ind1=" " ind2=" " tag="260"><subfield code="a">West Branch, Iowa :</subfield><subfield code="b">W.W. Gruwell,</subfield><subfield code="c">1883-</subfield></datafield><datafield ind1=" " ind2=" " tag="300"><subfield code="a">v.</subfield></datafield><datafield ind1=" " ind2=" " tag="310"><subfield code="a">Weekly</subfield></datafield><datafield ind1="0" ind2=" " tag="362"><subfield code="a">Vol. 5, no. 33 (May 17, 1883)-</subfield></datafield><datafield ind1="1" ind2=" " tag="362"><subfield code="a">Ceased with vol. 11, no. 26 (Apr. 4, 1889).</subfield></datafield><datafield ind1=" " ind2=" " tag="752"><subfield code="a">United States</subfield><subfield code="b">Iowa</subfield><subfield code="c">Cedar</subfield><subfield code="d">West Branch.</subfield></datafield><datafield ind1="0" ind2="0" tag="780"><subfield code="t">West Branch local record</subfield><subfield code="w">(DLC)sn 85049625</subfield></datafield><datafield ind1="0" ind2="0" tag="785"><subfield code="t">West Branch times (West Branch, Iowa : 1889)</subfield><subfield code="x">1080-8779</subfield><subfield code="w">(DLC)sn 85049627</subfield></datafield></record>